3525 5617
447 765 502 818 arr
539 745 708 818 Tacrrr
745 746 955 818 Annam
995 746 1140 820 Conna.
1251 715 1307 832 ¹ni

326 906 434 976 Vereri
459 905 613 992 urigine]
640 907 720 974 Sunt
748 906 854 987 enim,
898 907 928 978 ui
952 902 1059 976 fanum
1078 905 1155 974 illud
1174 904 1309 992 Junonir

288 991 322 1058 rb
349 991 544 1078 Argonautis
571 989 642 1076 ipis
669 991 849 1058 dedicatum
916 993 973 1059 inse
997 991 1154 1060 scribant.
1187 991 1308 1059 simula·

290 1079 391 1144 cirrum
409 1075 534 1143 facium
545 1074 702 1142 aSrnilide
712 1123 723 1157 ,
736 1075 877 1144 Euclidis
886 1077 955 1145 filiu
959 1126 974 1161 ,
987 1080 1043 1163 qui
1050 1075 1183 1145 Daedali
1195 1095 1309 1164 aequa.

288 1159 408 1231 iirfuit.
455 1159 623 1230 Pausanias
640 1161 797 1228 Achaicis.

328 1243 373 1312 Ur
387 1247 495 1312 Clarii
504 1249 520 1336 ]
545 1244 678 1325 Claros,
697 1247 809 1313 navaie
825 1245 1110 1332 Colophoniorum.
1160 1259 1163 1265 '

323 1329 494 1421 luspacnn
508 1330 686 1419 ingrersus]
719 1329 754 1398 ln
785 1332 940 1418 Apollinis
964 1330 1058 1400 Clarii
1079 1329 1175 1416 specu
1195 1331 1307 1400 lacuna

291 1413 347 1494 eii,
364 1417 459 1500 cuiun
473 1433 555 1500 potu
569 1417 646 1483 mira
661 1413 835 1484 redduntur
854 1415 1002 1499 oracula,
1028 1413 1208 1486 bibentium
1236 1417 1307 1485 bra·

287 1499 364 1564 riori
377 1505 459 1568 vira.
501 1501 582 1569 Plin.
604 1499 698 1574 ube
733 1518 802 1584 cap.
826 1519 898 1590 103.
985 1543 988 1549 -

331 1581 377 1649 Ur
393 1606 458 1650 πως
476 1587 612 1652 maculis
661 1582 846 1653 Aristoteles
860 1589 892 1654 in
907 1585 1109 1669 Rhetoricis,
1128 1584 1184 1654 lib.
1203 1607 1237 1675 3.

284 1668 484 1823 ¹²iiii-ersus
505 1671 625 1738 Sullam
674 1667 786 1758 Iraque
812 1672 857 1738 ob
875 1671 908 1740 id
926 1671 1010 1744 Sulla
1024 1671 1166 1744 Athenas
1178 1669 1309 1760 diripuit

320 1755 494 1936 οθ’ὶὲῗιῗιῐιτὶτ
512 1844 547 1906 in
559 1837 656 1938 surr]
683 1837 731 1909 Ut
761 1839 794 1909 in
816 1840 995 1992 Afiginetar.
1028 1839 1181 1930 Thmyd.
1200 1839 1257 1910 lib.
1274 1861 1309 1910 a.
1379 1917 1381 1922 .

285 1917 422 2000 Drodnr.
453 1924 510 1992 nb.
528 1945 579 1994 12.
610 1922 680 1992 Crc.
702 1948 735 2012 3.
764 1925 843 1992 deo
870 1979 878 1994 .
909 1928 1029 1998 Aeliam
1057 1927 1113 1994 lib.
1132 1927 1254 2014 nicap,
1274 1948 1307 2006 9·

285 2001 382 2077 lsocr.
403 2011 438 2078 in
458 2008 669 2098 Panegyrico.
706 2007 891 2078 Aristoteles
910 2013 965 2082 lib.
981 2032 1012 2082 a·
1038 2011 1241 2080 Rhetoricor.

285 2175 329 2243 dil
357 2095 459 2245 “celim
475 2099 528 2162 ira
547 2091 792 2178 &disfirnalurio
810 2094 939 2189 gignit]
960 2096 1060 2170 Forte
1067 2143 1081 2180 ,
1106 2099 1225 2186 qualern
1242 2099 1312 2165 irae

354 2201 383 2244 ni
420 2228 430 2246 .
1031 2238 1035 2246 .

327 2265 438 2331 Publii
456 2265 848 2354 Scipionisnernrrlmirne]
883 2265 917 2333 Ρ.
946 2267 1127 2354 Scipionem
1157 2269 1306 2338 Aemilia·

285 2346 1289 2434 num(⁸)dicir;qucrnetiarnannominemulticalumniatisunt

287 2433 406 2532 Fabius
439 2433 563 2532 qudem
587 2432 752 2503 Maximus
773 2452 846 2503 eum
869 2435 915 2502 'ad
932 2437 1191 2520 corrumpendam
1220 2396 1313 2504 discs·

290 2520 412 2671 pinam
438 2519 596 2587 rnrlnarem
619 2531 742 2588 natum'
756 2518 824 2585 esse
845 2518 985 2586 dicebar.
1041 2516 1154 2586 Liviur
1179 2517 1237 2586 lib.
1257 2540 1312 2598 29·

312 2603 398 2690 psus
422 2604 515 2672 eciam
537 2599 737 2690 Imperatoria
757 2623 822 2672 non
849 2605 1015 2672 Romanus
1042 2605 1160 2685 modu,
1189 2601 1245 2670 sed
1270 2621 1312 2670 nc

291 2687 437 2757 militaris
451 2686 574 2774 quidem
585 2689 693 2756 cultui
705 2689 897 2772 jailabatur3
918 2707 991 2756 cum
1008 2688 1104 2774 pallio
1112 2689 1312 2774 crepidisque
1358 2767 1361 2774 .

291 2773 486 2842 inambulare
510 2775 542 2839 in
560 2774 742 2861 gymnaiio,
761 2769 876 2841 libeliis
887 2773 981 2840 etiam
995 2771 1224 2860 palaestneoue
1235 2789 1312 2857 ope·

288 2877 351 2934 ram
373 2861 458 2934 dare·
503 2853 654 2944 Magnam
677 2877 783 2928 autem
807 2861 874 2926 vim
906 2859 999 2926 habat
1021 2858 1060 2924 ad
1081 2857 1310 2926 conciliandam
1401 2873 1404 2884 ’

283 2943 746 3028 imperatorirbcncrolenriam
766 2945 869 3012 vinus
886 2961 902 3024 ,·
932 2943 1101 3028 currusque
1128 2941 1309 3012 limilitudo.

287 3029 341 3096 Sic
355 3028 533 3098 Alexander
544 3027 650 3105 ,viiio
659 3025 778 3108 Dario,
797 3025 903 3095 Persas
914 3029 1055 3096 imitatur
1066 3025 1212 3118 cllrlquu
1222 3025 1313 3094 faiio

289 3111 447 3182 Persarum
462 3111 592 3197 quidem
607 3112 736 3196 gratiam
753 3113 839 3194 iniit',
861 3111 914 3182 sed
931 3111 1147 3180 Macedonum
1161 3109 1311 3206 adversus

290 3195 325 3264 se
336 3199 445 3272 odium
461 3199 658 3264 concitavit.
681 3196 897 3271 siccaracaila
924 3199 954 3262 in
976 3195 1163 3277 Germania,
1188 3195 1306 3264 Roma·

290 3302 332 3350 no
349 3286 440 3352 cultu
455 3281 622 3368 deposito,
649 3285 761 3369 sagulis
783 3298 915 3370 argento
936 3281 1065 3348 intextis
1083 3327 1096 3360 ,
1134 3279 1308 3350 Germanu-

292 3387 359 3436 rum
381 3389 497 3448 more,
524 3366 688 3439 utebatur,
713 3364 826 3436 flavam
848 3364 942 3436 eclani
963 3366 1059 3450 capiri
1078 3363 1242 3432 caesariem
1259 3368 1315 3442 ἰῐιι·Ι

288 3471 441 3606 Εἶπεω,
482 3452 605 3523 tonsam
635 3449 827 3521 Germanum
858 3453 891 3518 in
917 3451 1059 3518 modum.
1111 3447 1312 3518 Herodiurur

333 3589 564 3693 {ilezandrinn
591 3621 769 3710 introisset]
792 3587 999 3694 ‘Suetonium'
1026 3617 1118 3712 Quod
1142 3639 1213 3685 uera
1232 3617 1313 3688 Are·

294 3710 477 3788 anciriana,
496 3710 561 3776 (cc.

308 3792 472 3879 ,Seprsuir
496 3789 697 3879 Aegyptum]
729 3789 812 3856 Cum
829 3807 877 3854 ma
921 3807 1028 3872 apars
1054 3787 1225 3870 frumenti,
1246 3807 1314 3877 quo
1443 3865 1446 3876 ,

293 3877 433 3960 Populus
456 3876 619 3944 Romanus
649 3875 812 3953 alebatur,
849 3874 1034 3946 Aexandria
1056 3873 1245 3952 veheretur,
1265 3877 1311 3943 ob

287 3963 382 4046 idque
400 3963 633 4029 Alexandrinae
649 3980 746 4028 naves
765 3977 836 4026 cunr
861 3974 1089 4041 apparuerant,
1111 3977 1225 4043 magno
1238 3979 1312 4048 gau·

289 4047 345 4112 dio
366 4047 521 4132 populum
542 4047 727 4125 afficerem,
754 4063 791 4109 ut
818 4039 862 4111 cll
876 4044 956 4130 apud
972 4045 1120 4110 Senecam
1143 4043 1231 4132 epist.
1259 4051 1312 4133 78.

298 4131 472 4214 rognum,
498 4132 635 4215 imperio
655 4129 871 4216 prospiciens,
890 4141 1059 4208 vetuerat,
1079 4147 1120 4196 ne
1135 4131 1204 4211 quis
1220 4131 1316 4198 Sena·

294 4223 369 4291 cor,
391 4213 689 4300 Equcsvelloman.
713 4211 895 4282 inconsulto
911 4211 1060 4299 Principe
1067 4259 1080 4298 ,
1097 4213 1313 4366 ingrederefiur
