3525 5617
781 608 786 638 l

398 698 455 779 M.
476 702 519 780 A.
539 697 722 778 Monuni
744 652 894 781 Coar'ur.
918 725 971 777 nr
991 658 1238 795 Juuianrn‘r.
1269 719 1336 824 til

298 883 373 940 cum
399 868 563 954 duplicem
585 867 763 936 mercedem
788 869 915 954 exigere
938 865 1064 936 solitum
1086 870 1126 936 ab
1146 874 1202 955 iia,
1224 875 1278 961 qui
1296 874 1331 943 se

300 956 355 1042 ipsi
381 957 412 1021 in
436 953 632 1039 disciplinam
655 955 767 1020 darent
781 1001 793 1034 ,
823 954 844 1020 ii
875 955 959 1038 prius
984 954 1051 1019 aliis
1073 961 1332 1043 praeceptoribus·

302 1041 345 1107 uli
374 1039 499 1119 essent,
521 1039 608 1123 quod
631 1037 685 1104 sibi
709 1038 868 1121 duplicem
894 1037 1032 1103 laborum
1056 1040 1242 1122 capiendum
1262 1043 1332 1112 esse

301 1125 443 1204 diceret,
466 1124 642 1191 dedocendi
663 1139 781 1200 unum,
798 1128 840 1189 'dt
864 1121 996 1194 alterum
1018 1123 1171 1190 docendi:
1202 1127 1244 1192 ita
1273 1129 1329 1210 qui

302 1211 436 1285 casibus,
468 1226 505 1273 ut
531 1207 678 1276 Plautino
704 1207 805 1280 verbo
824 1223 915 1287 utar,
943 1205 1156 1272 deliramentis
1177 1203 1329 1292 infatuati

300 1282 391 1374 suot,
412 1291 612 1369 conducere,
637 1292 657 1354 li
684 1291 752 1358 sieri
769 1289 902 1376 posset,
924 1291 1057 1376 aliquem
1076 1288 1248 1374 deberent,
1269 1317 1327 1360 cua

297 1380 488 1461 iusopeea,
508 1395 589 1460 quae
605 1376 763 1457 didicere,
784 1373 993 1442 dediscerent.
1031 1377 1093 1473 Sqd
1112 1377 1189 1444 uolo
1218 1383 1248 1444 in
1276 1382 1322 1446 eir

240 1448 244 1475 ¹
297 1460 484 1530 insectandis
505 1458 634 1543 operam
651 1459 759 1539 auum
791 1459 997 1545 jampridem
1021 1478 1104 1527 enum
1132 1462 1169 1526 ad
1197 1461 1324 1534 utiliora

296 1561 449 1633 properat
467 1546 580 1611 oratio.
934 1617 938 1626 .
1075 1621 1078 1626 ¹
1213 1622 1215 1628 ¹

333 1629 387 1697 ‘Ut
415 1619 509 1714 igitur
522 1621 745 1712 iurisdidlionis
767 1627 797 1689 dt
815 1627 939 1712 imperii
955 1625 1172 1698 mediationem
1190 1631 1228 1698 ab
1249 1633 1319 1717 ipso

297 1711 397 1781 fonte
418 1729 619 1797 repetamus,
649 1713 724 1792 illud
759 1713 900 1794 inprimis
931 1716 1111 1796 ponendum
1132 1721 1196 1799 eit,
1215 1723 1321 1800 neque

296 1800 365 1866 fine
380 1799 499 1881 legibus
511 1798 734 1882 rempublicam
753 1794 822 1861 erse
834 1787 944 1880 posse,
966 1812 1070 1883 neque
1084 1799 1148 1868 sine
1162 1801 1320 1888 magistra·

296 1885 385 1950 tibus
404 1885 432 1948 le
454 1903 496 1947 es.
520 1880 603 1948 Nam
619 1882 650 1950 dt
665 1881 748 1966 leges
765 1901 881 1946 neruos
896 1899 993 1965 atque
1004 1901 1090 1950 artus
1104 1887 1319 1972 reipublicae,

297 1969 330 2035 dt
352 1903 544 2052 magaritam
564 1963 648 2052 ipsos
663 1965 808 2032 custodes
826 1985 864 2030 ac
885 1965 1026 2032 vindicer
1041 1968 1166 2054 legum,
1188 1981 1262 2036 veie
1279 1991 1320 2060 aq
1360 1998 1405 2058 ῃ.

295 2056 413 2121 merito
432 2043 575 2118 homines
597 2048 809 2132 sapientissimi
816 2051 1043 2129 nominarunt.
1087 2051 1190 2152 Leges
1211 2074 1322 2156 aurem
1421 2083 1435 2105 ν

294 2131 1319 2218 autadcultumdivinum,autadfotmam&constitutionern'ie'i-
1431 2145 1436 2152 “

292 2221 440 2307 publicae
463 2220 642 2304 pertinent,
668 2233 723 2283 aut
745 2219 783 2283 ad
808 2217 956 2304 negotia,
982 2239 1062 2302 quae
1080 2223 1161 2288 iuter
1179 2223 1318 2310 singulos

293 2303 385 2371 cives
404 2304 645 2372 contrahuntur.
690 2301 773 2367 illud
793 2300 843 2382 jur
868 2303 1051 2386 publicum,
1072 2305 1133 2370 lroc
1155 2309 1321 2391 privatum'

291 2388 392 2456 riostti
413 2407 543 2454 vocant.
585 2385 638 2452 De
651 2386 721 2466 jure
739 2387 867 2467 publico
886 2387 960 2470 nihii
982 2389 1074 2455 nobis
1092 2378 1153 2456 hoc
1168 2405 1316 2472 tempore

287 2474 464 2542 dicendum
487 2471 555 2550 eil,
585 2469 637 2536 sed
657 2471 697 2534 tle
714 2487 754 2534 uo
775 2481 918 2554 tautum,
939 2473 1025 2558 quod
1044 2474 1181 2556 pertinet
1201 2479 1239 2543 ad
1259 2495 1316 2554 ne·¹

285 2559 399 2643 gotia,
418 2555 505 2634 five,
526 2570 562 2620 ut
584 2553 767 2620 Aristotcles
784 2572 820 2617 ea
839 2573 953 2638 uocat,
983 2555 1211 2710 synaliapbmata.
1242 2559 1321 2644 Jam‘
1345 2583 1354 2600 ³

285 2642 492 2726 negotiprum
509 2638 670 2718 omnium,
690 2656 771 2722 quae
788 2640 868 2718 inter
887 2643 975 2704 cives
996 2659 1107 2708 contra
1132 2652 1246 2724 utitur,
1267 2645 1323 2710 bi:

289 2730 411 2813 pertita
426 2724 538 2790 diullio
561 2715 624 2797 eil:
647 2738 700 2788 aut
720 2723 802 2790 enirn
826 2725 935 2804 civilia
952 2725 1114 2810 sunt„uut
1132 2729 1314 2800 criminalia..

293 2813 453 2902 Quaene
478 2823 631 2890 vagentur
655 2809 685 2874 dt
707 2806 826 2872 incerta
846 2805 927 2889 sint,
948 2807 1000 2876 sni
1022 2809 1263 2882 habeantcivet
1277 2819 1309 2884 ira
1417 2847 1419 2851 ·

290 2911 431 2980 utroque
451 2912 568 2978 genere
593 2908 711 2958 certam
732 2891 867 2975 aliquam
886 2895 1044 2978 regulam,
1066 2915 1160 2980 quam
1178 2894 1317 2980 [equam

290 2995 362 3044 rur:
392 2979 476 3060 legen
499 2995 629 3061 quoque
652 2977 726 3062 aliae
751 2976 792 3040 de
816 2975 964 3042 civilibus
989 2981 1148 3066 negoriir;
1177 2985 1252 3050 uliae
1268 2985 1311 3050 de·
1395 3011 1405 3032 r

293 3060 478 3142 criminibus
495 3059 562 3144 csse
580 3072 719 3147 oportet.
764 3057 891 3140 Nempe
916 3065 1009 3146 igitur
1024 3063 1214 3152 magistratui
1228 3085 1309 3152 quo·

288 3166 354 3233 que
376 3163 431 3212 aut
454 3145 546 3225 iidem
568 3145 726 3227 utrisque,
744 3145 865 3225 autulii
883 3145 1050 3230 civilibus,
1072 3150 1121 3215 alii
1141 3151 1317 3230 criminali,

289 3233 350 3301 bus
372 3230 507 3315 negotiis
523 3229 657 3313 praefint
678 3225 807 3296 necesse
823 3226 879 3294 est·
921 3229 954 3298 ln
973 3233 1131 3314 republica
1148 3235 1313 3318 Romanu,-¹

286 3315 434 3397 civilibun
458 3311 684 3380 controversiis
706 3315 788 3378 inter
810 3313 896 3378 cives
917 3309 1127 3400 disceptandis
1143 3337 1181 3384 ec
1199 3321 1310 3402 dijudi-

287 3401 418 3472 candis,
448 3412 589 3481 praeerat
614 3397 743 3463 Praetor
767 3395 922 3479 urbanus;
947 3399 1051 3486 idque
1077 3420 1188 3468 munus
1213 3405 1310 3487 ipfiun'

286 3483 534 3574 jurisditiionem
558 3481 703 3548 urbanam
730 3481 899 3547 vocabant.
937 3475 992 3550 De
1017 3485 1106 3654 nukio
1124 3503 1228 3556 autem
1247 3492 1313 3558 cri-³

288 3570 376 3636 mine
391 3565 605 3651 cognoscebat
620 3567 751 3634 Praetor
768 3561 922 3648 urbanus,
945 3576 1048 3653 neque
1087 3569 1225 3656 uinquam
1239 3595 1315 3644 orna

281 3655 362 3724 nino
378 3642 459 3738 apud
476 3671 546 3717 cum
567 3649 658 3714 ullius
676 3649 818 3718 criminis
831 3667 903 3714 reus
919 3651 1148 3734 postulabatur:
1171 3655 1223 3724 scd
1240 3676 1307 3728 tan·
1383 3699 1388 3716 ι

284 3755 377 3818 eum,
396 3752 432 3800 ut
448 3753 522 3802 ante
535 3734 619 3813 dixi,
640 3731 681 3798 de
694 3732 843 3798 civilibus
858 3735 982 3800 causis.
1014 3729 1211 3829 Quinetiam
1230 3763 1305 3826 cnm

283 3814 419 3909 propter
436 3819 668 3886 multitudinem
693 3817 925 3899 negotiorum,
955 3839 1033 3886 unus
1053 3820 1198 3894 omnibus
1222 3827 1307 3897 sulii·
1347 3891 1351 3900 ,

284 3915 360 3972 cere
385 3920 450 3972 non
474 3904 603 3987 posset,
625 3919 763 3984 cumque
782 3901 876 3966 etiam
901 3901 1050 3985 quaedam
1077 3903 1241 3978 ,humiliora
1260 3933 1310 3982 esa
1352 3919 1354 3924 ’

279 3985 373 4065 sent,
401 4003 494 4074 quam
515 4006 550 4052 ut
575 3986 819 4054 consentaneum
840 3986 1021 4068 videretur,
1049 3991 1228 4065 Praetorem
1251 4019 1307 4082 po·

279 4074 348 4161 puli
366 4071 502 4141 Romani
524 4074 555 4141 in
573 4074 618 4139 eis
635 4086 847 4152 occupatum,
869 4074 908 4136 nb
929 4065 997 4140 aliia
1012 4076 1212 4156 gravioribus.
1228 4103 1305 4149 avo·

280 4160 365 4236 cari,
383 4158 506 4241 iudices
518 4151 614 4224 dabat
627 4157 664 4239 in
676 4153 806 4238 fingulas
821 4147 957 4232 caussas,
983 4161 1036 4240 dui
1053 4162 1308 4246 cognoscerent,-

281 4263 322 4309 ac
341 4241 525 4308 sententiam
540 4235 679 4309 ferrent:
700 4237 813 4324 quibus
827 4256 930 4306 tamen
949 4241 1013 4331 ipse
1032 4248 1115 4329 prius
1134 4243 1313 4324 forn-,triani

278 4325 533 4422 praescribebat,
554 4346 649 4417 cuam
663 4325 697 4412 in
712 4323 893 4476 judfcandrq·
904 4323 1130 4419 sequerentur,
1149 4349 1166 4394 a
1182 4351 1242 4416 qua
1261 4333 1311 4400 cie
