3525 5617
440 733 510 806 5¹²4
611 711 650 780 P.
715 699 958 770 [ΛΜΗ
1023 663 1344 766 Duum

438 895 535 962 eum,
561 893 652 966 queem
666 879 743 938 ante
767 861 824 931 luc
847 857 1071 928 deremannns
1096 855 1275 941 annotari,
1309 844 1354 932 θ’
1376 849 1488 945 eutu-

442 995 483 1045 ae
506 970 620 1054 darni,
645 985 716 1033 cunt
734 959 924 1030 etiamtum
948 947 1203 1044 adulescentulus
1228 948 1372 1031 Lirnini,
1398 948 1487 1040 quad

444 1070 610 1142 Pilinnurn
626 1055 772 1149 cenidum
788 1050 855 1148 esl,
870 1047 1089 1122 humaniorum
1107 1047 1312 1130 litterarum,
1333 1039 1379 1124 ἐξ
1386 1045 1483 1136 juris

440 1165 552 1238 ciuilis
566 1156 686 1255 studiis
695 1139 981 1245 florentisſsmnrn,
1008 1142 1273 1238 Amphitruonem
1285 1140 1479 1212 Plautinum

445 1277 648 1338 enarrarem,
673 1246 799 1320 tradere
812 1243 871 1318 lunt
889 1242 954 1312 lacu
976 1234 1111 1332 institui.
1160 1239 1279 1334 Atque
1292 1237 1381 1322 huc,
1403 1233 1480 1344 opi·

445 1379 532 1438 nor,
556 1351 661 1424 etiam
685 1344 705 1418 s
724 1340 837 1427 citat,
863 1359 946 1410 curn
963 1337 1046 1410 alibi
1071 1335 1161 1431 (1):
1188 1333 1304 1420 Mili,
1340 1333 1475 1428 inqiut,

446 1448 613 1546 displicere
626 1369 763 1513 erulam
776 1431 877 1530 potest
891 1458 929 1504 ea
943 1434 1143 1525 canjellnra,
1168 1454 1262 1523 quum
1277 1453 1348 1502 cnm
1367 1429 1444 1504 adal
1461 1466 1475 1482 ·

437 1544 604 1644 scentalns
621 1543 655 1610 in
674 1536 785 1609 Gallia
800 1531 975 1604 Plautinus
990 1523 1133 1621 fabulas
1148 1527 1365 1622 explicarem,
1383 1527 1475 1618 jam·

437 1644 562 1714 dudum
585 1638 624 1709 dr
649 1633 704 1706 lrac
730 1631 795 1700 lucu
810 1623 971 1721 feceram.
1033 1624 1175 1700 Limino
1208 1642 1325 1696 autent
1352 1617 1478 1716 postea

437 1735 583 1812 ‘uenisse
625 1725 888 1822 ruruegatun,
933 1719 1087 1810 indicare
1125 1719 1222 1800 idem
1261 1717 1399 1794 uidetur
1437 1715 1476 1790 in

445 1833 575 1934 Elegia
599 1823 750 1926 quadam
775 1819 848 1913 (a)
874 1818 1120 1914 uirgarum

454 2057 470 2080 e
492 2028 581 2100 Natu
606 2039 639 2094 te
663 2017 844 2090 Pidonicne
870 2013 1011 2087 retinent
1026 2009 1151 2107 felicia
1175 2029 1282 2086 terrae

549 2116 699 2214 Oppida,
724 2135 787 2205 qna
809 2110 929 2182 Clunns
949 2111 1089 2204 pinguia
1104 2109 1192 2186 culta
1201 2107 1321 2203 secat:
1344 2121 1348 2128 ’

498 2220 562 2294 Me
584 2234 678 2297 reru,
703 2207 845 2280 inuidiae
865 2206 978 2301 procul
997 2231 1019 2278 a
1045 2222 1077 2276 te
1091 2207 1241 2280 dentibus
1256 2209 1387 2298 utinm,

437 2355 442 2362 ·
547 2309 658 2386 Fortia
682 2306 813 2377 lunatae
835 2303 962 2376 muenia
988 2301 1205 2400 Burdegulae.

501 2505 752 2604 5.A.nnu11.
785 2494 919 2570 Parisiis
950 2493 1051 2568 fuisse
1085 2497 1288 2582 Mureturn,
1316 2496 1413 2574 testis
1436 2493 1477 2568 dt

447 2609 552 2707 ipsius
568 2601 683 2677 oratio
697 2594 817 2670 habita
831 2591 950 2668 Nonis
970 2593 1151 2668 Februarii
1174 2593 1227 2666 De
1250 2598 1414 2691 dignitate
1435 2587 1477 2672 δ’

443 2691 755 2876 gaudentiastudii
773 2687 955 2799 llenlagici
963 2737 977 2776 ,
1003 2713 1092 2788 quae
1112 2687 1163 2764 est
1178 2690 1216 2766 in
1231 2693 1333 2768 editis
1353 2687 1477 2787 prima.

485 2821 549 2874 auc
567 2793 601 2868 se
617 2783 778 2864 habuisse
793 2805 1012 2873 orationem,
1037 2786 1202 2862 Muretus
1227 2813 1309 2864 cum
1323 2791 1414 2862 nomo
1432 2807 1478 2856 er·

437 2894 493 2995 set
509 2885 711 2986 adolescens,
734 2885 772 2958 id
797 2881 871 2970 est,
893 2901 994 2956 natus
1016 2905 1126 2958 annos
1145 2905 1226 2962 xxv.
1259 2885 1355 2960 idern
1379 2881 1481 2956 initio

448 2991 617 3069 affirmat:
641 2984 817 3077 itemque,
842 2999 880 3052 ut
897 2977 941 3050 de
962 2999 1228 3076 energumento
1249 2971 1404 3070 diceret,
1422 2977 1480 3052 de·

449 3083 657 3162 mandatum
678 3076 741 3150 fibi
754 3074 827 3148 esse
843 3077 888 3150 ab
904 3073 972 3162 iis,
997 3100 1144 3171 quorum
1161 3075 1198 3151 ἅ
1214 3078 1307 3177 apud
1322 3077 1357 3152 se
1373 3073 1479 3174 pluri·

448 3205 548 3259 rnutn
564 3176 703 3251 valebat
711 3222 725 3260 ,
751 3169 790 3245 ἃ
806 3170 899 3265 apud
913 3193 1036 3244 omnes
1053 3195 1228 3272 peraeque
1244 3176 1362 3250 valere
1372 3173 1480 3247 debe·

453 3286 518 3356 bat
539 3270 738 3349 auetoritas.
796 3265 1179 3344 Praefellosninrirum
1203 3271 1312 3348 intelli
1338 3272 1366 3346 it
1387 3267 1483 3344 Pari·

445 3373 562 3454 srensts
586 3364 780 3451 Athenaei,
812 3364 872 3438 ubi
905 3362 1041 3438 summo
1066 3367 1262 3458 concursu,
1291 3296 1483 3466 piaculaque

451 3472 611 3548 omnium
635 3463 798 3538 docebat.
856 3462 974 3556 Atque
1000 3461 1070 3536 huc
1095 3462 1258 3554 nimirum
1273 3465 1483 3562 pertinent,
1560 3491 1561 3496 ¹

453 3590 543 3666 qtrae
568 3563 728 3636 Andreas
750 3556 918 3632 Schuttus
944 3555 979 3631 in
994 3557 1106 3649 ¹Vita,
1139 3557 1177 3634 &
1204 3559 1240 3634 in
1249 3557 1391 3656 sanciri
1409 3583 1481 3632 ara·

457 3669 543 3737 tione
571 3658 719 3732 Benciue
742 3673 947 3728 narrarunt:
984 3655 1115 3750 Nouus,
1142 3655 1190 3730 ait
1215 3659 1407 3746 Schottus,
1430 3657 1482 3728 ri·

453 3761 591 3832 debatur
611 3769 741 3826 exortus
768 3745 994 3845 Demastlnnes
1018 3747 1210 3847 ,Cluiflianis
1233 3755 1399 3839 Atlrenis,·
1429 3755 1483 3824 ita

453 3856 584 3928 ducente
609 3853 766 3936 numero,
793 3839 836 3927 δ’
850 3849 974 3938 quidem
989 3845 1093 3920 adhuc
1108 3848 1386 3945 peradulescente,
1410 3872 1482 3920 can·

456 3945 566 4046 cursus
593 3945 745 4018 audiendi
768 3939 884 4036 σαπείη
910 3967 950 4018 ex
975 3958 1044 4016 tcta
1067 3943 1154 4016 Urbe
1168 3943 1296 4039 fiebant
1308 3969 1324 4033 ,·
1358 3966 1483 4042 magna

446 4048 612 4128 lerinum
631 4037 822 4136 frequentia
843 4037 1042 4134 gymnasium
1067 4041 1314 4140 celebrabatur,
1341 4044 1404 4124 lati
1423 4035 1485 4154 ἱρῇ

1452 4161 1486 4214 nt
