3525 5617
480 775 537 828 an
580 755 674 826 Tra.
716 753 762 827 D.
805 769 857 869 on
896 749 1001 821 Mra.
1040 755 1172 826 Trer.
1267 773 1336 843 3⁹5

310 915 530 986 institutiones
556 912 804 993 conditionales,
831 909 885 976 sed
911 909 951 976 ad
969 926 1063 994 puras
1088 913 1275 995 pertinere,
1303 931 1341 983 ut

313 1023 357 1070 ex
388 1003 412 1072 i.
434 1019 466 1080 4.
497 999 561 1066 eod.
592 1003 644 1064 tit.
670 1004 701 1066 in
722 999 774 1064 illa
788 997 932 1063 autemi.
979 993 1163 1062 .aaientior
1186 997 1345 1084 cujacio,

310 1087 368 1174 qui
386 1085 464 1171 legit
482 1103 547 1151 non
564 1083 604 1148 ud
623 1081 833 1159 hereditates,
856 1077 911 1145 sed
924 1013 1150 1148 niterentur.

353 1171 452 1265 Quem
465 1169 596 1236 liberum
615 1163 678 1253 esse
697 1161 893 1264 credidisset]
912 1161 1029 1245 Aliud,
1048 1161 1077 1230 iix
1090 1159 1249 1247 scivisset,
1269 1179 1344 1234 eum

314 1251 406 1322 suum
426 1251 551 1320 servum
569 1247 654 1318 etse:
679 1267 756 1318 tunc
780 1268 866 1317 eorm
884 1250 980 1313 etiam
1000 1247 1244 1329 iureeommuni
1257 1250 1345 1318 vide·

315 1355 434 1420 retur,
450 1355 526 1404 eum
552 1353 589 1402 ut
602 1333 736 1403 liberum
754 1336 785 1403 or
802 1331 952 1400 herodem
970 1331 1040 1397 esse
1057 1330 1204 1398 noluisse.

364 1419 538 1508 Voluisse]
559 1419 656 1488 Aliud
674 1419 720 1489 est
745 1420 777 1487 io
802 1434 940 1505 pagano:
959 1412 1012 1482 sed
1029 1417 1119 1484 milen
1136 1415 1220 1484 inter
1235 1431 1347 1486 cetera

312 1507 383 1576 hoc
396 1523 525 1605 quoque
535 1505 737 1592 praecipuum
755 1501 868 1584 habet,
889 1500 978 1588 quod
992 1499 1075 1567 nuda
1091 1501 1261 1569 voluntate
1271 1518 1347 1588 pot.

314 1590 365 1660 est
381 1591 588 1660 heredrtatem
602 1588 679 1657 dare
694 1590 724 1658 dt
738 1588 898 1667 adimere,
918 1587 941 1650 1.
966 1601 1016 1672 ¹5·
1039 1583 1069 1674 §u
1089 1604 1117 1653 1.
1136 1585 1181 1674 ff,
1202 1585 1325 1654 irretit,

555 1757 633 1810 an
718 1735 886 1804 Leo.
967 1733 1110 1805 XIV.

359 1831 460 1920 turio
483 1851 557 1918 nou
577 1841 795 1994 utrumnam}
823 1839 864 1908 u
889 1839 967 1942 est„
988 1844 1151 1941 gommari
1166 1843 1238 1930 ture
1254 1810 1348 1914 uteri.

319 1933 396 2002 dum
406 1980 419 2017 ,
439 1934 484 2000 ita
500 1950 537 2000 ut
555 1951 613 2012 rea,
620 1933 728 1999 redunt
743 1949 760 1994 a
799 1923 939 1995 caussam
956 1927 1105 1996 intestati.
1143 1929 1229 1996 Nam
1248 1929 1270 1999 ss
1286 1950 1344 1997 vo·

318 2017 429 2086 luisset
450 2016 602 2100 testator,
621 2030 748 2102 poterat
763 2010 1076 2080 atiudtestamentum
1091 2015 1249 2097 condere,
1271 2031 1345 2084 cum

313 2101 412 2172 sciret
427 2119 470 2172 ex
485 2119 525 2168 eo
534 2146 547 2183 ,
565 2101 652 2188 quod
669 2114 745 2166 ante
767 2096 910 2176 fecerat,
929 2096 1050 2164 nulium
1064 2095 1147 2164 fore.

295 2207 299 2214 ·
355 2185 454 2257 Nouo
467 2184 645 2274 uoluntate]
668 2183 722 2253 stc
739 2175 864 2250 &iufra
881 2180 912 2248 in
926 2183 949 2248 i.
963 2200 1018 2270 34.
1041 2181 1115 2258 &d
1139 2197 1194 2268 35.
1218 2179 1340 2254 irretit.
1465 2205 1471 2218 ·

577 2348 647 2403 an
734 2329 902 2398 Leo.
984 2327 1089 2400 XV.

358 2445 396 2515 Si
416 2441 531 2510 militis
553 2441 692 2509 uniuntur
739 2436 856 2521 idest,
875 2437 931 2506 nifi
949 2436 1073 2506 constet
1089 2442 1276 2510 contrariam
1304 2439 1345 2508 ii·

315 2527 379 2596 iius
400 2527 600 2595 voluntatem
624 2523 687 2592 fuis
703 2541 733 2592 e.
783 2523 856 2592 Sola
874 2523 959 2590 enim
985 2521 1154 2592 uoluntate
1187 2525 1346 2594 contraria

314 2609 423 2700 potest
438 2609 574 2680 adimere
588 2607 817 2680 hereditatem
837 2621 969 2693 oportet
985 2621 1090 2676 tamen
1104 2609 1222 2696 aliquid
1244 2609 1348 2687 subie-

316 2713 431 2847 eutlugn
459 2694 548 2780 ease,
577 2711 644 2782 quo
663 2693 891 2779 ejurvoiuntas
908 2691 1086 2777 indicetur,
1107 2709 1145 2763 ut
1161 2693 1281 2765 ditium
1300 2693 1346 2764 est

313 2801 347 2850 an
380 2806 421 2848 ι.
446 2801 478 2860 9·-
1276 2794 1283 2819 ¹

358 2867 395 2933 st
435 2869 485 2934 uis
498 2861 535 2954 se
543 2861 667 2950 scribat
712 2859 782 2929 Lex
801 2859 969 2940 Cornelia,
990 2879 1072 2948 quae
1087 2877 1221 2934 vocatur
1237 2864 1279 2932 de
1290 2861 1354 2932 frte

316 2949 378 3031 fir,
397 2949 461 3019 aio
476 2949 608 3018 nomine
625 2949 677 3018 dic
691 2961 741 3014 tur
754 2943 1002 3026 testamentaria3
1022 2944 1160 3031 pertinet
1176 2949 1258 3016 enim
1271 2967 1344 3034 pro·

318 3035 388 3122 prie
402 3035 441 3102 ad
457 3032 661 3101 testamenta:
682 3033 712 3098 in
734 3049 801 3097 eam
823 3045 929 3096 autem
957 3032 1204 3101 oommittebant
1227 3036 1345 3119 etiam,

317 3119 375 3204 qui
389 3119 449 3187 irbi
464 3117 681 3186 adscribebant
700 3115 730 3182 in
749 3113 959 3195 testamento,
981 3116 1207 3186 &ineosdem
1227 3117 1343 3188 consti·

317 3218 388 3270 tuta
412 3218 481 3270 erat
502 3219 605 3288 poena
628 3199 810 3270 SConsuito
830 3198 1020 3268 Liboniano.
1068 3201 1149 3269 Vide
1169 3207 1220 3270 tit.
1247 3205 1282 3272 c.
1306 3203 1343 3272 ee

315 3291 359 3356 iis
401 3294 436 3356 ui
445 3285 507 3366 fita·
524 3285 654 3372 triferii.
679 3288 713 3350 in
731 3283 845 3367 testum.
1095 3296 1099 3307 “

392 3369 496 3452 ometfi
508 3369 567 3454 fiii
581 3389 641 3438 noa
651 3369 791 3453 jecerit]
815 3367 899 3434 Cum
920 3381 1025 3432 taunen
1041 3385 1180 3454 paganus
1193 3389 1258 3438 oon
1270 3387 1343 3456 pot·

316 3457 354 3525 iit
372 3456 461 3537 filio,
486 3471 582 3542 quem
603 3454 634 3522 in
661 3450 819 3536 potestate
844 3451 962 3532 habet,
981 3450 1200 3521 testamentum
1213 3453 1343 3540 faoera3

315 3539 376 3614 misr
389 3539 484 3608 faciat
502 3541 596 3607 etiam
613 3539 680 3606 irbi.
1253 3598 1271 3618 „

363 3625 514 3692 Boeotum
555 3619 735 3708 usflrsfione]
756 3617 920 3704 Tempora
943 3621 1094 3706 quaedam
1116 3621 1243 3691 definita
1268 3625 1340 3696 sunt

317 3709 376 3794 iit,
395 3709 511 3796 quibus
531 3637 668 3778 {inetur
684 3703 967 3802 defertbonoruin
986 3705 1229 3794 possessionem:
1259 3710 1342 3778 intra

320 3810 402 3881 quae
425 3793 447 3862 ii
467 3811 535 3860 eum
562 3809 626 3860 non
648 3803 854 3878 agnoverint,
886 3807 952 3857 non
972 3787 1104 3872 possunt
1122 3809 1189 3860 eam
1210 3796 1343 3882 ampliu·

317 3877 487 3968 postulare.
530 3875 586 3946 Est
601 3890 707 3943 autem
723 3873 871 3942 usitatum
888 3888 1018 3942 eentum
1039 3875 1182 3946 dierum:
1203 3879 1290 3966 quod
1301 3898 1348 3947 ta·

318 3974 394 4032 meu
415 3979 456 4029 er
479 3957 587 4028 caussa
608 3978 626 4027 a
649 3961 802 4044 Praetore
852 3959 992 4044 rorogari
1020 3959 1137 4044 potest.
1177 3961 1348 4054 Quaeritur

309 4067 418 4138 ergo,
438 4064 513 4114 num
534 4045 566 4114 in
581 4041 771 4144 tetiamento
787 3971 943 4124 orfitum,
962 4041 1079 4142 aliquid
1097 4047 1128 4114 in
1145 4045 1204 4114 hac
1216 4066 1349 4132 reprae-

253 4149 257 4156 ·
323 4133 452 4216 cinnum
467 4129 533 4200 firi
552 4129 584 4199 dt
604 4147 648 4197 att
661 4124 873 4226 JConsuitur,
893 4127 953 4199 hac
968 4129 1097 4219 quidem
1116 4131 1148 4204 in
1165 4132 1343 4223 partenihil

323 4217 370 4288 eir
387 4229 511 4306 praeter
521 4213 570 4302 lua
583 4229 755 4288 commune
768 4210 875 4284 tribur.

1288 4485 1362 4542 ί)
